%% This BibTeX bibliography file was created using BibDesk.
%% http://bibdesk.sourceforge.net/


%% Created for Simon Kerr at 2015-05-13 20:19:58 +0100 


%% Saved with string encoding Unicode (UTF-8) 



@misc{license-section,
	Date-Added = {2015-05-13 19:15:13 +0000},
	Date-Modified = {2015-05-13 19:17:54 +0000},
	Howpublished = {https://www.glasgow.gov.uk/CHttpHandler.ashx?id=8747&p=0},
	Title = {GLASGOW CITY COUNCIL LICENSING SECTION, CORPORATE SERVICES Licensing section, corporate services, Current Application Fees & Charges}}

@misc{ppl,
	Author = {PPL},
	Date-Added = {2015-05-13 19:13:00 +0000},
	Date-Modified = {2015-05-13 19:13:31 +0000},
	Howpublished = {http://www.ppluk.com/I-Play-Music/Businesses/How-much-does-a-licence-cost/Business-type-121/},
	Title = {Pubs, bars and restaurants}}

@misc{annoying-music,
	Author = {Lisa Barber},
	Date-Added = {2015-05-13 19:09:34 +0000},
	Date-Modified = {2015-05-13 19:10:15 +0000},
	Howpublished = {http://conversation.which.co.uk/consumer-rights/annoying-background-music-shops-supermarkets/},
	Title = {Which shops play the most annoying background music?}}

@misc{love-music,
	Author = {Virginia Hughes},
	Date-Added = {2015-05-13 19:06:18 +0000},
	Date-Modified = {2015-05-13 19:06:49 +0000},
	Howpublished = {http://phenomena.nationalgeographic.com/2013/04/11/why-does-music-feel-so-good/},
	Title = {Why does music feel so good}}

@misc{market-share,
	Author = {Carly Page},
	Date-Added = {2015-05-13 19:02:25 +0000},
	Date-Modified = {2015-05-13 19:03:00 +0000},
	Howpublished = {http://www.theinquirer.net/inquirer/news/2389029/apples-uk-market-share-climbs-to-425-percent-as-android-dominance-falters},
	Title = {Apple's UK market share climbs to 42.5 percent as Android dominance falters}}

@misc{blue,
	Author = {Karen Haller},
	Date-Added = {2015-05-13 19:01:00 +0000},
	Date-Modified = {2015-05-13 19:01:45 +0000},
	Howpublished = {http://www.aliciacowan.com/social-media-and-digital-marketing/strategy-and-advice/social-media-giants-branding},
	Title = {Social Media giants -- why they use blue as their primary branding colour}}

@misc{battery,
	Author = {Ciprian Adrian Rusen},
	Date-Added = {2015-05-13 18:54:09 +0000},
	Date-Modified = {2015-05-13 18:56:34 +0000},
	Howpublished = {http://www.7tutorials.com/do-you-save-battery-when-using-dark-background-windows-phone},
	Title = {Do You Save Battery When Using a Dark Background in Windows Phone?}}

@misc{dark-power,
	Author = {Ryan Whitwam},
	Date-Added = {2015-05-13 18:52:41 +0000},
	Date-Modified = {2015-05-13 18:53:35 +0000},
	Howpublished = {http://www.greenbot.com/article/2834583/how-much-power-does-a-black-interface-really-save-on-amoled-displays.html},
	Title = {How much power does a black interface really save on AMOLED displays?}}

@misc{dark-web-design,
	Author = {Kayla Knight},
	Date-Added = {2015-05-13 18:47:41 +0000},
	Date-Modified = {2015-05-13 18:52:03 +0000},
	Howpublished = {http://www.webdesignerdepot.com/2009/08/the-dos-and-donts-of-dark-web-design/},
	Title = {The Do's and Dont's of Dark Web Design}}

@misc{sainsburys,
	Author = {N/A},
	Date-Added = {2015-05-13 18:15:18 +0000},
	Date-Modified = {2015-05-13 18:17:35 +0000},
	Howpublished = {http://www.j-sainsbury.co.uk/extras/faqs/},
	Title = {FAQ's}}

@misc{starbucks_more,
	Author = {Simon Neville},
	Date-Added = {2015-05-13 18:12:36 +0000},
	Date-Modified = {2015-05-13 18:14:02 +0000},
	Howpublished = {http://www.theguardian.com/business/shortcuts/2012/nov/13/starbucks-your-tax-questions-answered},
	Title = {Starbucks: your tax questions answered}}

@misc{starbucks,
	Author = {Ashley Lutz},
	Date-Added = {2015-05-13 18:08:27 +0000},
	Date-Modified = {2015-05-13 18:10:59 +0000},
	Howpublished = {http://www.businessinsider.com/how-many-customers-starbucks-will-have-2013-10?IR=T},
	Title = {How Many Customers Starbucks Will Have In The Future Read more: http://www.businessinsider.com/how-many-customers-starbucks-will-have-2013-10#ixzz3a2khBEQ6}}

@misc{auth0,
	Author = {{Auth0}},
	Howpublished = {\url{https://auth0.com/}},
	Note = {[Online; accessed 10-May-2015]},
	Title = {{Auth0 - Identity made simple}}}

@misc{rabbitmq,
	Author = {{Dejan Glozic}},
	Howpublished = {\url{http://dejanglozic.com/2014/04/21/micro-service-fun-node-js-messaging-clustering-combo/}},
	Note = {[Online; accessed 9-Mat-2015]},
	Title = {{Micro-Service Fun -- Node.js + Messaging + Clustering Combo}}}

@misc{microservices-mueller,
	Author = {{John Mueller}},
	Howpublished = {\url{http://blog.smartbear.com/microservices/delving-into-the-microservices-architecture/}},
	Note = {[Online; accessed 9-May-2015]},
	Title = {{Deliving Into the Microservices Architecture}}}

@misc{redis,
	Author = {{Erin Swenson-Healey}},
	Howpublished = {\url{http://blog.carbonfive.com/2014/04/28/micromessaging-connecting-heroku-microservices-wredis-and-rabbitmq/}},
	Note = {[Online; accessed 10-May-2015]},
	Title = {{Micromessaging: Connecting Heroku Microservices w/Redis and RabbitMQ}}}

@misc{phonegap,
	Author = {{Adobe Systems Inc}},
	Howpublished = {\url{http://phonegap.com/uploads/artwork/Build-Diagram-2-Preview.png}},
	Note = {[Online; accessed 11-May-2015]},
	Title = {{PhoneGap build process}}}

@misc{ionic,
	Author = {{Drify Co}},
	Howpublished = {\url{http://ionicframework.com/}},
	Note = {[Online; accessed 9-May-2015]},
	Title = {{Ionic: Advanced HTML5 Hybrid Mobile App Framework}}}

@misc{router,
	Author = {{Angular UI}},
	Howpublished = {\url{https://github.com/angular-ui/ui-router}},
	Note = {[Online; accessed 8-May-2015]},
	Title = {{The de-facto solution to flexible routing with nested views in AngularJS}}}

@misc{microservicesio,
	Author = {{Chris Richardson}},
	Howpublished = {\url{http://microservices.io/}},
	Note = {[Online; accessed 10-May-2015]},
	Title = {{Microservice architecture patterns and best practices}}}

@misc{waterway,
	Author = {{Team Hydra}},
	Howpublished = {\url{https://github.com/HeilHydra/waterway}},
	Note = {[Online; accessed 11-May-2015]},
	Title = {{A Node.js microservice communication platform}}}
